@misc{Collazos2015,
    title = {{Un reconocedor de voz para android}},
    year = {2015},
    booktitle = {2016 IEEE ANDESCON},
    author = {Collazos, Mauricio},
    school     =     {Universidad del Valle},
    address     =     {Cali, Colombia},
}
@Misc{Voxforge.org,
  author = 	 {Voxforge.org},
  title = 	 {Free Speech... Recognition (Linux, Windows and Mac) - voxforge.org},
  howpublished = {\url{http://www.voxforge.org/}},
  note = 	 {accessed 22/11/2018},
}
@article{LibriVox,
	doi = {10.1108/rr-08-2013-0197},
	url = {https://doi.org/10.1108%2Frr-08-2013-0197},
	year = 2014,
	month = {jan},
	publisher = {Emerald},
	volume = {28},
	number = {1},
	pages = {7--8},
	title = {{LibriVox}: Free Public Domain Audiobooks2014 002  Founded by Hugh {McGuire}   {LibriVox}: Free Public Domain Audiobooks  2005- Gratis},
	journal = {Reference Reviews}
}
@Misc{gutenberg,
  author = 	 {Michael Hart},
  title = 	 {Free ebooks - Project Gutenberg},
  howpublished = {\url{https://www.gutenberg.org/}},
  note = 	 {accessed 22/11/2018},
}


@INPROCEEDINGS{
         Povey_ASRU2011,
         author = {Povey, Daniel and Ghoshal, Arnab and Boulianne, Gilles and Burget, Lukas and Glembek, Ondrej and Goel, Nagendra and Hannemann, Mirko and Motlicek, Petr and Qian, Yanmin and Schwarz, Petr and Silovsky, Jan and Stemmer, Georg and Vesely, Karel},
       keywords = {ASR, Automatic Speech Recognition, GMM, HTK, SGMM},
          month = dec,
          title = {The Kaldi Speech Recognition Toolkit},
      booktitle = {IEEE 2011 Workshop on Automatic Speech Recognition and Understanding},
           year = {2011},
      publisher = {IEEE Signal Processing Society},
       location = {Hilton Waikoloa Village, Big Island, Hawaii, US},
           note = {IEEE Catalog No.: CFP11SRW-USB},
}
@incollection{Yu_2014_1,
	doi = {10.1007/978-1-4471-5779-3_1},
	url = {https://doi.org/10.1007%2F978-1-4471-5779-3_1},
	year = 2014,
	month = {nov},
	publisher = {Springer London},
	pages = {1--9},
	author = {Dong Yu and Li Deng},
	title = {Introduction},
	booktitle = {Automatic Speech Recognition}
}
@incollection{Yu_2014_6,
	doi = {10.1007/978-1-4471-5779-3_6},
	url = {https://doi.org/10.1007%2F978-1-4471-5779-3_6},
	year = 2014,
	month = {nov},
	publisher = {Springer London},
	pages = {99--116},
	author = {Dong Yu and Li Deng},
	title = {Deep Neural Network-Hidden Markov Model Hybrid Systems},
	booktitle = {Automatic Speech Recognition}
}

@misc{1401.6984,
Author = {Yajie Miao},
Title = {Kaldi+PDNN: Building DNN-based ASR Systems with Kaldi and PDNN},
Year = {2014},
Eprint = {arXiv:1401.6984},
}

@misc{FischerSpa,
    author = 	 {Canavan, Alexandra and George Zipperlen},
  title = 	 { CALLFRIEND American English-Non-Southern Dialect LDC96S46},
  howpublished = {\url{https://catalog.ldc.upenn.edu/LDC96S46}},
  note = 	 {accessed 22/11/2018},
}


@misc{HeroicoCorpus,
    author = 	 {Morgan, John},
  title = 	 {West Point Heroico Spanish Speech LDC2006S37},
  howpublished = {\url{https://catalog.ldc.upenn.edu/LDC2006S37}},
  note = 	 {accessed 22/11/2018},
}

@misc{CALLFRIENDSpa,
    author = 	 {Canavan, Alexandra and George Zipperlen},
  title = 	 { CALLFRIEND American English-Non-Southern Dialect LDC96S46},
  howpublished = {\url{https://catalog.ldc.upenn.edu/LDC96S46}},
  note = 	 {accessed 22/11/2018},
}

@misc{CALLHOMESpa,
    author = 	 {Canavan, Alexandra, David Graff, and George Zipperlen},
  title = 	 {CALLHOME American English Speech LDC97S42},
  howpublished = {\url{https://catalog.ldc.upenn.edu/LDC96S46}},
  note = 	 {accessed 22/11/2018},
}

@book{IPAAlphabet,
  author    = {Dickey, Eleanor}, 
  title     = {The World's Writing Systems},
  publisher = {Oxford: Oxford University Press},
  year      = 1996,
  volume    = 5,
  edition   = 3,
  isbn      = {0-19-507993-0}
}

@INPROCEEDINGS{Sarikaya98waveletpacket,
    author = {Ruhi Sarikaya and Bryan L. Pellom and John H. L. Hansen},
    title = {Wavelet Packet Transform Features With Application To Speaker Identification},
    booktitle = {Proc. of IEEE Nordic Signal Processing Symp., Visgo},
    year = {1998},
    pages = {81--84}
}

@Misc{gentle,
  author = 	 {Lower Quality},
  title = 	 {Gentle Forced Aligner},
  howpublished = {\url{https://github.com/lowerquality/gentle}},
  note = 	 {accessed 22/11/2018},
}
@Misc{aeneas,
  author = 	 {Read Beyond it},
  title = 	 {Aeneas},
  howpublished = {\url{https://www.readbeyond.it/aeneas/}},
  note = 	 {accessed 22/11/2018},
}
@Misc{espeak,
  author = 	 {Free Software Foundation},
  title = 	 {Espeak},
  howpublished = {\url{http://espeak.sourceforge.net/}},
  note = 	 {accessed 22/11/2018},
}

@Misc{openSLR,
  author = 	 {Daniel Povey},
  title = 	 {Open Speech Language Resources},
  howpublished = {\url{http://www.openslr.org/index.html}},
  note = 	 {accessed 02/12/2019},
}


@Misc{M-AILABS,
  author = 	 {Imdat Solak},
  title = 	 {The M-AILABS Speech Dataset},
  howpublished = {\url{https://www.caito.de/2019/01/the-m-ailabs-speech-dataset/}},
  note = 	 {accessed 02/12/2019},
}

@Misc{Praat,
    author = {Paul Boersma & David Weenink},
    title = {Praat: doing phonetics by computer},
    url = {http://www.praat.org/},
    version = {6.0.37},
    date = {03/02/2018}
}


@Misc{Sox,
    author = {Lance Norskog & Chris Bagwell},
    title = {SoX: the Swiss Army knife of sound processing programs},
    url = {http://sox.sourceforge.net/Main/HomePage},
    version = {14.4.2},
    date = {22/2/2015}
}


@Misc{TextGrids,
    author = {Paul Boersma & David Weenink},
    title = {TextGrid file formats},
    url = {https://www.fon.hum.uva.nl/praat/manual/TextGrid_file_formats.html},
    note = 	 {accessed 02/12/2019},
}

@unpublished{hableomsDeVoz,
  author       = {Mauricio Collazos}, 
  title        = {Hablemos de voz},
  note         = {Presentación para Pycon Colombia 2020},
  month        = 2,
  year         = 2020
}

@Misc{audacity,
    author = {Audacity Team },
    title = {Audacity®},
    url = {https://www.audacityteam.org/},
    version = {2.2.2},
    date = {22/11/2020}
    note = 	 {software is copyright © 1999-2021 Audacity Team. The name Audacity® is a registered trademark.},
}


@book{SAMPA,
  author    = {Dafydd Gibbon, Roger Moore, Richard Winski}, 
  title     = {SAMPA computer readable phonetic alphabet},
  publisher = {Mouton De Gruyter},
  year      = 1997,
  volume    = 1,
  edition   = 1,
  isbn      = {978-3110153668}
}

@article{Bradlow1995,
  doi = {10.1121/1.412064},
  url = {https://doi.org/10.1121/1.412064},
  year = {1995},
  month = mar,
  publisher = {Acoustical Society of America ({ASA})},
  volume = {97},
  number = {3},
  pages = {1916--1924},
  author = {Ann R. Bradlow},
  title = {A comparative acoustic study of English and Spanish vowels},
  journal = {The Journal of the Acoustical Society of America}
}